@book{goodfellow2016deep,
  Title                    = {Deep Learning},
  Author                   = {Ian J. Goodfellow and Yoshua Bengio and Aaron Courville},
  Publisher                = {MIT Press},
  Year                     = {2016},
  Address                  = {Cambridge, MA, USA},
}
